@book{Health,
    title={Scientific computing: An Introduction Survey},
    author={Michael T. Heath},
    year={2002},
    publisher={MC-graw Hill}
}
@book{lapack,
    title={Scientific computing: An Introduction Survey},
    author={E. Anderson, Z. Bai, C. Bischof, J. Demmel, J. Dongarra, J. D. Croz, A. Greenbaum, S. Ham- marling, A. McKenney, S. Ostrouchov, and D. Sorensen},
    isbn={9780198520115},
    series={International series of monographs on physics},
    year={1999},
    publisher={Clarendon Press},
    keywords = {physics}
}
@book{han,
    title={Data mining concepts and techniques},
    author={Jiawei Han, Micheline Kamber, and Jian Pei},
    isbn={9780198520115},
    series={International series of monographs on physics},
    year={2012},
    publisher={Morgan Kaufmann Publishers, Waltham, Mass},
    keywords = {physics}
}
@online{wiki,
    author    = "Donald Knuth",
    title     = "Quantum Physics",
    url       = "http://en.wikipedia.org/wiki/Quantum_physics"
}
@article{yuji,
    author =       "YUJI NAKATSUKASA? AND NICHOLAS J. HIGHAM",
    title =        "{STABLE AND EFFICIENT SPECTRAL DIVIDE AND CONQUER
ALGORITHMS FOR THE SYMMETRIC EIGENVALUE
DECOMPOSITION AND THE SVD?}",
        journal =      "SIAM J. SCI. COMPUT.",
}



